@book{sample,
author = {Doe, John},
 title = {Title},
 year = {0000},
 isbn = {0000000000},
 publisher = {Publisher}
 }





